\begin{thebibliography}{100} % 100 is a random guess of the total number of
%references

@online{KhanAcademy, 
  author = {Khan Academy},
  title = {Building a phylogenetic tree},
    url={https://www.khanacademy.org/science/ap-biology/natural-selection/phylogeny/a/building-an-evolutionary-tree}, 
} 

@online{NHC,
    title = {ORDER PRIMATES},
    url = {http://www.nhc.ed.ac.uk/index.php?page=493.504},
    note = {Accessed on May 1, 2024}
}

@online{Berkeley,
    title = {Building the tree},
    url = {https://evolution.berkeley.edu/evolution-101/the-history-of-life-looking-at-the-patterns/building-the-tree/},
    note = {Accessed on May 1, 2024}
}

\end{thebibliography}